

@article{xu11_robus_replay_detec_algor_soccer_video,
  author =       {Wei Xu and Yang Yi},
  title =        {A Robust Replay Detection Algorithm for Soccer
                  Video},
  journal =      {IEEE Signal Processing Letters},
  volume =       18,
  number =       9,
  pages =        {509-512},
  year =         2011,
  doi =          {10.1109/lsp.2011.2161287},
  url =          {https://doi.org/10.1109/lsp.2011.2161287},
  DATE_ADDED =   {Fri Jul 12 15:46:00 2019},
}

@Article{Javed_2019,
  author       = {Javed, Ali and Irtaza, Aun and Khaliq, Yasmeen and
                  Malik, Hafiz and Mahmood, Muhammad Tariq},
  title        = {Replay and key-events detection for sports video
                  summarization using confined elliptical local
                  ternary patterns and extreme learning machine},
  year         = 2019,
  volume       = 49,
  number       = 8,
  month        = {Feb},
  pages        = {2899–2917},
  issn         = {1573-7497},
  doi          = {10.1007/s10489-019-01410-x},
  url          = {http://dx.doi.org/10.1007/s10489-019-01410-x},
  journal      = {Applied Intelligence},
  publisher    = {Springer Science and Business Media LLC}
}

@Article{Chu_2015,
  author       = {Chu, Wen-Sheng and Yale Song and Jaimes, Alejandro},
  title        = {Video co-summarization: Video summarization by
                  visual co-occurrence},
  year         = 2015,
  month        = {Jun},
  doi          = {10.1109/cvpr.2015.7298981},
  url          = {http://dx.doi.org/10.1109/cvpr.2015.7298981},
  isbn         = 9781467369640,
  journal      = {2015 IEEE Conference on Computer Vision and Pattern
                  Recognition (CVPR)},
  publisher    = {IEEE}
}

@Article{Hao_Pan_2002,
  author       = {Hao Pan and Baoxin Li and Sezan},
  title        = {Automatic detection of replay segments in broadcast
                  sports programs by detection of logos in scene
                  transitions},
  year         = 2002,
  doi          = {10.1109/icassp.2002.1004638},
  url          = {http://dx.doi.org/10.1109/icassp.2002.1004638},
  isbn         = 0780374029,
  journal      = {IIEEE International Conference on Acoustics Speech
                  and Signal Processing},
  publisher    = {IEEE}
}

@Article{Joe_Yue_Hei_Ng_2015,
  author       = {Joe Yue-Hei Ng and Hausknecht, Matthew and
                  Vijayanarasimhan, Sudheendra and Vinyals, Oriol and
                  Monga, Rajat and Toderici, George},
  title        = {Beyond short snippets: Deep networks for video
                  classification},
  year         = 2015,
  month        = {Jun},
  doi          = {10.1109/cvpr.2015.7299101},
  url          = {http://dx.doi.org/10.1109/cvpr.2015.7299101},
  isbn         = 9781467369640,
  journal      = {2015 IEEE Conference on Computer Vision and Pattern
                  Recognition (CVPR)},
  publisher    = {IEEE}
}
@Article{Lecun_1998,
  author       = {Lecun, Y. and Bottou, L. and Bengio, Y. and Haffner,
                  P.},
  title        = {Gradient-based learning applied to document
                  recognition},
  year         = 1998,
  volume       = 86,
  number       = 11,
  pages        = {2278–2324},
  issn         = {0018-9219},
  doi          = {10.1109/5.726791},
  url          = {http://dx.doi.org/10.1109/5.726791},
  journal      = {Proceedings of the IEEE},
  publisher    = {Institute of Electrical and Electronics Engineers
                  (IEEE)}
}

@Article{Farabet_2013,
  author       = {Farabet, Clement and Couprie, Camille and Najman,
                  Laurent and LeCun, Yann},
  title        = {Learning Hierarchical Features for Scene Labeling},
  year         = 2013,
  volume       = 35,
  number       = 8,
  month        = {Aug},
  pages        = {1915–1929},
  issn         = {2160-9292},
  doi          = {10.1109/tpami.2012.231},
  url          = {http://dx.doi.org/10.1109/tpami.2012.231},
  journal      = {IEEE Transactions on Pattern Analysis and Machine
                  Intelligence},
  publisher    = {Institute of Electrical and Electronics Engineers
                  (IEEE)}
}

@article{DBLP:journals/corr/SimonyanZ14,
  author    = {Karen Simonyan and
               Andrew Zisserman},
  title     = {Two-Stream Convolutional Networks for Action Recognition in Videos},
  journal   = {CoRR},
  volume    = {abs/1406.2199},
  year      = {2014},
  url       = {http://arxiv.org/abs/1406.2199},
  archivePrefix = {arXiv},
  eprint    = {1406.2199},
  timestamp = {Mon, 13 Aug 2018 16:47:39 +0200},
  biburl    = {https://dblp.org/rec/bib/journals/corr/SimonyanZ14},
  bibsource = {dblp computer science bibliography, https://dblp.org}
}

@Article{Tran_2015,
  author       = {Tran, Du and Bourdev, Lubomir and Fergus, Rob and
                  Torresani, Lorenzo and Paluri, Manohar},
  title        = {Learning Spatiotemporal Features with 3D
                  Convolutional Networks},
  year         = 2015,
  month        = {Dec},
  doi          = {10.1109/iccv.2015.510},
  url          = {http://dx.doi.org/10.1109/iccv.2015.510},
  isbn         = 9781467383912,
  journal      = {2015 IEEE International Conference on Computer
                  Vision (ICCV)},
  publisher    = {IEEE}
}

@book{Goodfellow-et-al-2016,
    title={Deep Learning},
    author={Ian Goodfellow and Yoshua Bengio and Aaron Courville},
    publisher={MIT Press},
    note={\url{http://www.deeplearningbook.org}},
    year={2016}
}

@Article{Ling_Yu_Duan,
  author       = {Ling-Yu Duan and Min Xu and Qi Tian and Chang-Sheng
                  Xu},
  title        = {Mean shift based video segment representation and
                  applications to replay detection},
  doi          = {10.1109/icassp.2004.1327209},
  url          = {http://dx.doi.org/10.1109/icassp.2004.1327209},
  isbn         = 0780384849,
  journal      = {2004 IEEE International Conference on Acoustics,
                  Speech, and Signal Processing},
  publisher    = {IEEE}
}

@Article{Ravent_s_2015,
  author       = {Raventós, A and Quijada, R and Torres, Luis and
                  Tarrés, Francesc},
  title        = {Automatic summarization of soccer highlights using
                  audio-visual descriptors},
  year         = 2015,
  volume       = 4,
  number       = 1,
  month        = {Jun},
  issn         = {2193-1801},
  doi          = {10.1186/s40064-015-1065-9},
  url          = {http://dx.doi.org/10.1186/s40064-015-1065-9},
  journal      = {SpringerPlus},
  publisher    = {Springer Nature}
}

@Article{Abd_Almageed_2008,
  author       = {Abd-Almageed, Wael},
  title        = {Online, simultaneous shot boundary detection and key
                  frame extraction for sports videos using rank
                  tracing},
  year         = 2008,
  doi          = {10.1109/icip.2008.4712476},
  url          = {http://dx.doi.org/10.1109/icip.2008.4712476},
  isbn         = 9781424417650,
  journal      = {2008 15th IEEE International Conference on Image
                  Processing},
  publisher    = {IEEE}
}

@Article{Rublee_2011,
  author       = {Rublee, Ethan and Rabaud, Vincent and Konolige, Kurt
                  and Bradski, Gary},
  title        = {ORB: An efficient alternative to SIFT or SURF},
  year         = 2011,
  month        = {Nov},
  doi          = {10.1109/iccv.2011.6126544},
  url          = {http://dx.doi.org/10.1109/iccv.2011.6126544},
  isbn         = 9781457711008,
  journal      = {2011 International Conference on Computer Vision},
  publisher    = {IEEE}
}


